@article{kiran2015effect,
  title={A Handout},
  author={Kiran, U Ravi and Panchal, A and Sankaranarayana, M and Rao, GVS Nageswara and Nandy, TK},
  journal={Materials Science and Engineering: A},
  volume={640},
  pages={82--90},
  year={2015},
  publisher={Elvesier},
  url = {https://www.math.iit.edu/~fass/477577_Chapter_11.pdf},
}

@book{jahan2016multi,
  title={Multi-criteria decision analysis for supporting the selection of engineering materials in product design},
  author={Jahan, Ali and Edwards, Kevin L and Bahraminasab, Marjan},
  year={2016},
  publisher={Butterworth-Heinemann}
}

